<collection xmlns="http://www.loc.gov/MARC21/slim">
<record>
  <leader>01467nam0a22003131i 450 </leader>
  <controlfield tag="001">IT\ICCU\CNCE\038836</controlfield>
  <controlfield tag="005">20041217000000.0</controlfield>
  <datafield tag="012" ind1=" " ind2=" ">
    <subfield code="a">anme i.e- ++se sire (3) 1588 (R)</subfield>
    <subfield code="2">fei</subfield>
    <subfield code="9">1</subfield>
  </datafield>
  <datafield tag="012" ind1=" " ind2=" ">
    <subfield code="a">ebti e-a- e.,e Dipi (3) 1588 (R)</subfield>
    <subfield code="2">fei</subfield>
    <subfield code="9">2</subfield>
  </datafield>
  <datafield tag="100" ind1=" " ind2=" ">
    <subfield code="a">19981030d1588        0itac0103    ba</subfield>
  </datafield>
  <datafield tag="101" ind1=" " ind2=" ">
    <subfield code="a">ITA</subfield>
  </datafield>
  <datafield tag="102" ind1=" " ind2=" ">
    <subfield code="a">IT</subfield>
  </datafield>
  <datafield tag="200" ind1="1" ind2=" ">
    <subfield code="a">℗Il ℗Secretario et il primo volume, delle lettere familiari del sig. Torquato Tasso. Nouamente ristampate</subfield>
  </datafield>
  <datafield tag="210" ind1=" " ind2=" ">
    <subfield code="a">In Venetia</subfield>
    <subfield code="c">appresso Giacomo Vincenzi</subfield>
    <subfield code="d">1588</subfield>
  </datafield>
  <datafield tag="215" ind1=" " ind2=" ">
    <subfield code="a">2 v.</subfield>
    <subfield code="d">8ʻ</subfield>
  </datafield>
  <datafield tag="300" ind1=" " ind2=" ">
    <subfield code="a">ANNULLATA   !!!!  vedi 48524</subfield>
  </datafield>
  <datafield tag="620" ind1=" " ind2=" ">
    <subfield code="a">IT</subfield>
    <subfield code="d">Venezia</subfield>
  </datafield>
  <datafield tag="700" ind1=" " ind2="1">
    <subfield code="a">Tasso,</subfield>
    <subfield code="b">Torquato</subfield>
    <subfield code="3">IT\ICCU\CNCA\002182</subfield>
  </datafield>
  <datafield tag="712" ind1="0" ind2="0">
    <subfield code="a">Vincenzi, Giacomo</subfield>
    <subfield code="3">IT\ICCU\CNCT\000815</subfield>
    <subfield code="4">650</subfield>
  </datafield>
  <datafield tag="790" ind1=" " ind2="1">
    <subfield code="a">Uranio,</subfield>
    <subfield code="b">Felice</subfield>
    <subfield code="3">IT\ICCU\CNCA\008878</subfield>
    <subfield code="z">Tasso, Torquato</subfield>
  </datafield>
  <datafield tag="790" ind1=" " ind2="1">
    <subfield code="a">Fenice,</subfield>
    <subfield code="b">Uranio</subfield>
    <subfield code="3">IT\ICCU\CNCA\017207</subfield>
    <subfield code="z">Tasso, Torquato</subfield>
  </datafield>
  <datafield tag="791" ind1="0" ind2="0">
    <subfield code="a">Vincentius, Iacobus</subfield>
    <subfield code="3">IT\ICCU\CNCT\002945</subfield>
    <subfield code="z">Vincenzi, Giacomo</subfield>
  </datafield>
  <datafield tag="791" ind1="0" ind2="2">
    <subfield code="a">℗al segno della ℗Pigna</subfield>
    <subfield code="c"> &lt;1586-1600&gt;</subfield>
    <subfield code="3">IT\ICCU\CNCT\003129</subfield>
    <subfield code="z">Vincenzi, Giacomo</subfield>
  </datafield>
  <datafield tag="791" ind1="0" ind2="0">
    <subfield code="a">Vincenti, Giacomo</subfield>
    <subfield code="3">IT\ICCU\CNCT\004081</subfield>
    <subfield code="z">Vincenzi, Giacomo</subfield>
  </datafield>
  <datafield tag="791" ind1="0" ind2="0">
    <subfield code="a">Vincenci, Giacomo</subfield>
    <subfield code="3">IT\ICCU\CNCT\005887</subfield>
    <subfield code="z">Vincenzi, Giacomo</subfield>
  </datafield>
  <datafield tag="791" ind1="0" ind2="0">
    <subfield code="a">Vicenzi, Iacomo</subfield>
    <subfield code="3">IT\ICCU\CNCT\005888</subfield>
    <subfield code="z">Vincenzi, Giacomo</subfield>
  </datafield>
  <datafield tag="801" ind1=" " ind2="3">
    <subfield code="a">IT</subfield>
    <subfield code="b">ICCU</subfield>
    <subfield code="c">20201114</subfield>
  </datafield>
  <datafield tag="911" ind1=" " ind2=" ">
    <subfield code="a">sul front.</subfield>
    <subfield code="9">IT\ICCU\CNCM\000427</subfield>
  </datafield>
  <datafield tag="921" ind1=" " ind2=" ">
    <subfield code="a">IT\ICCU\CNCM\000427</subfield>
    <subfield code="b">Pigna con rametto e cartiglio.</subfield>
    <subfield code="e">Aeque bonum atque tutum.</subfield>
    <subfield code="c">Z964</subfield>
    <subfield code="d">Dimensioni: 3,5 x 4,3</subfield>
    <subfield code="f">AEQUEBONUM</subfield>
    <subfield code="f">CARTIGLIO</subfield>
    <subfield code="f">PIGNA</subfield>
    <subfield code="g">1584-1598</subfield>
  </datafield>
</record>
</collection>
